<?xml version="1.0" encoding="UTF-8"?><collection xmlns="http://www.loc.gov/MARC21/slim"><record><leader>00727nam--2200205-i-4500</leader><controlfield tag="001">000009724</controlfield><controlfield tag="002">20161230</controlfield><controlfield tag="005">20170306231809</controlfield><controlfield tag="008">060222s1000------------r-----000-0-fre-d</controlfield><datafield ind1=" " ind2=" " tag="040"><subfield code="a">IFIN-HH</subfield></datafield><datafield ind1=" " ind2=" " tag="041"><subfield code="a">fre</subfield></datafield><datafield ind1=" " ind2=" " tag="080"><subfield code="a">539.19</subfield></datafield><datafield ind1="1" ind2=" " tag="100"><subfield code="a">Bonnet, Michel</subfield></datafield><datafield ind1="1" ind2="0" tag="245"><subfield code="a">Tables d'integrales moleculaires. (orbitales des couches 2 et 3)</subfield><subfield code="b">Tome II: integrales de recouvrement et de coeur. Integrales cinetiques. Integrales coulombiennes</subfield><subfield code="c">M. Bonnet, A. Julg, J.F. Queffelec, J.C. Tardy</subfield></datafield><datafield ind1=" " ind2=" " tag="260"><subfield code="a">Paris</subfield><subfield code="b">Editions Du Centre National De La Recherche Scientifique</subfield><subfield code="c">1968</subfield></datafield><datafield ind1=" " ind2=" " tag="300"><subfield code="a">242 p</subfield></datafield><datafield ind1=" " ind2=" " tag="490"><subfield code="a">Tables D'Integrales Moleculaires</subfield></datafield><datafield ind1="1" ind2=" " tag="700"><subfield code="a">Tardy, J. C</subfield></datafield><datafield ind1=" " ind2=" " tag="852"><subfield code="a">35062</subfield><subfield code="c">539.19</subfield></datafield><datafield ind1=" " ind2=" " tag="CAT"><subfield code="a">SYS</subfield><subfield code="c">20170306</subfield><subfield code="h">231809</subfield></datafield></record></collection>